<record><leader>00000cas a2200000 a 4500</leader><controlfield tag="001">17499195</controlfield><controlfield tag="008">880218c18889999orudr ne      0   a0eng c</controlfield><datafield ind1=" " ind2=" " tag="010"><subfield code="a">sn 88086023 </subfield></datafield><datafield ind1=" " ind2=" " tag="040"><subfield code="a">NPV</subfield><subfield code="b">eng</subfield><subfield code="c">NPV</subfield><subfield code="d">NYS</subfield><subfield code="d">CNK</subfield><subfield code="d">ORU</subfield><subfield code="d">OCLCQ</subfield><subfield code="d">DLC</subfield><subfield code="d">OCLCF</subfield><subfield code="d">DLC</subfield><subfield code="d">ORU</subfield></datafield><datafield ind1="0" ind2=" " tag="022"><subfield code="a">2333-1348</subfield><subfield code="2">1</subfield></datafield><datafield ind1=" " ind2=" " tag="042"><subfield code="a">pcc</subfield><subfield code="a">nsdp</subfield></datafield><datafield ind1=" " ind2=" " tag="043"><subfield code="a">n-us-or</subfield></datafield><datafield ind1="0" ind2="0" tag="050"><subfield code="a">Newspaper</subfield></datafield><datafield ind1="0" ind2="0" tag="082"><subfield code="a">071</subfield><subfield code="2">23</subfield></datafield><datafield ind1="0" ind2=" " tag="130"><subfield code="a">East Oregonian (Pendleton, Or. : Daily evening ed.)</subfield></datafield><datafield ind1=" " ind2="0" tag="222"><subfield code="a">East Oregonian</subfield><subfield code="b">(Pendleton, Or. Daily evening ed. Print)</subfield></datafield><datafield ind1="1" ind2="0" tag="245"><subfield code="a">East Oregonian :</subfield><subfield code="b">E.O.</subfield></datafield><datafield ind1="3" ind2="0" tag="246"><subfield code="a">E.O.</subfield></datafield><datafield ind1="3" ind2=" " tag="246"><subfield code="a">EO</subfield></datafield><datafield ind1="1" ind2="7" tag="246"><subfield code="a">Daily east Oregonian</subfield><subfield code="f">&lt;Apr. 7, 1904&gt;-Oct. 2, 1928</subfield></datafield><datafield ind1="1" ind2="7" tag="246"><subfield code="a">Evening east Oregonian</subfield><subfield code="f">Oct. 3, 1928-Sept. 18, 1953</subfield></datafield><datafield ind1=" " ind2=" " tag="250"><subfield code="a">Daily evening ed.</subfield></datafield><datafield ind1=" " ind2=" " tag="260"><subfield code="a">Pendleton, Umatilla Co., Or. :</subfield><subfield code="b">East Oregonian Pub. Co.,</subfield><subfield code="c">1888-</subfield></datafield><datafield ind1="3" ind2="1" tag="264"><subfield code="3">&lt;May 4, 2016-&gt; :</subfield><subfield code="a">Pendleton, OR :</subfield><subfield code="b">EO Media Group</subfield></datafield><datafield ind1=" " ind2=" " tag="300"><subfield code="a">v. :</subfield><subfield code="b">ill.</subfield></datafield><datafield ind1=" " ind2=" " tag="310"><subfield code="a">Daily (Tues.-Sat.),</subfield><subfield code="b">&lt;May 4, 2016-&gt;</subfield></datafield><datafield ind1=" " ind2=" " tag="321"><subfield code="a">Daily,</subfield><subfield code="b">Sept. 3, 2000-&lt;Dec. 31, 2001&gt;</subfield></datafield><datafield ind1=" " ind2=" " tag="321"><subfield code="a">Daily (except Sun.),</subfield><subfield code="b">Mar. 1, 1888-Sept. 2, 2000</subfield></datafield><datafield ind1="0" ind2=" " tag="362"><subfield code="a">[Vol. 1], no. 1 (Mar. 1, 1888)-</subfield></datafield><datafield ind1=" " ind2=" " tag="500"><subfield code="a">Edition statement varies.</subfield></datafield><datafield ind1=" " ind2=" " tag="530"><subfield code="a">Also issued on microfilm from University of Oregon.</subfield></datafield><datafield ind1=" " ind2=" " tag="530"><subfield code="a">Archived issues are available in digital format as part of the Historic Oregon Newspaper online collection.</subfield></datafield><datafield ind1=" " ind2=" " tag="530"><subfield code="a">Archived issues are available in digital format as part of the Library of Congress Chronicling America online collection.</subfield></datafield><datafield ind1=" " ind2=" " tag="580"><subfield code="a">Semiweekly ed.: E.O.</subfield></datafield><datafield ind1=" " ind2=" " tag="580"><subfield code="a">Weekly ed.: East Oregonian (Pendleton, Or. : Weekly ed.).</subfield></datafield><datafield ind1=" " ind2=" " tag="588"><subfield code="a">Latest issue consulted: 140th year, no. 143 (May 4, 2016).</subfield></datafield><datafield ind1=" " ind2="0" tag="651"><subfield code="a">Pendleton (Or.)</subfield><subfield code="v">Newspapers.</subfield></datafield><datafield ind1=" " ind2="7" tag="651"><subfield code="a">Oregon</subfield><subfield code="z">Pendleton.</subfield><subfield code="2">fast</subfield><subfield code="0">(OCoLC)fst01217685</subfield></datafield><datafield ind1=" " ind2="7" tag="655"><subfield code="a">Newspapers.</subfield><subfield code="2">fast</subfield><subfield code="0">(OCoLC)fst01423814</subfield></datafield><datafield ind1=" " ind2=" " tag="752"><subfield code="a">United States</subfield><subfield code="b">Oregon</subfield><subfield code="c">Umatilla</subfield><subfield code="d">Pendleton.</subfield></datafield><datafield ind1="1" ind2=" " tag="775"><subfield code="t">E.O.</subfield><subfield code="w">(DLC)sn 90066155</subfield><subfield code="w">(OCoLC)22267310</subfield></datafield><datafield ind1="1" ind2=" " tag="775"><subfield code="t">East Oregonian (Pendleton, Or. : Weekly ed.)</subfield><subfield code="w">(DLC)sn 84022663</subfield><subfield code="w">(OCoLC)10524231</subfield></datafield><datafield ind1="0" ind2="8" tag="776"><subfield code="i">Online version:</subfield><subfield code="t">East Oregonian (Pendleton, Or. : Daily evening ed. : Online)</subfield><subfield code="x">2333-1356</subfield><subfield code="w">(DLC)  2014218312</subfield><subfield code="w">(OCoLC)276375248</subfield></datafield><datafield ind1="4" ind2="1" tag="856"><subfield code="u">http://oregonnews.uoregon.edu/lccn/sn88086023/issues</subfield></datafield><datafield ind1="4" ind2="1" tag="856"><subfield code="u">http://www.loc.gov/chroniclingamerica/lccn/sn88086023/issues</subfield></datafield><datafield ind1="1" ind2=" " tag="029"><subfield code="a">AU@</subfield><subfield code="b">000020504029</subfield></datafield></record>